@misc{national-oceanic-and-atmospheric-administration-no-date,
	author = {National Oceanic and Atmospheric Administration},
	title = {{Flash Flooding Definition}},
	url = {https://www.weather.gov/phi/FlashFloodingDefinition},
}

@article{ROSGEN1994169,
title = {A classification of natural rivers},
journal = {CATENA},
volume = {22},
number = {3},
pages = {169-199},
year = {1994},
issn = {0341-8162},
doi = {https://doi.org/10.1016/0341-8162(94)90001-9},
url = {https://www.sciencedirect.com/science/article/pii/0341816294900019},
author = {David L. Rosgen}
}

@misc{linsuong_2023,
  author       = {linsuong (Chin Phin (Linus) Ong},
  title        = {Modeling with Differential Equations - Individual Project},
  year         = {2023},
  howpublished = {\url{https://github.com/linsuong/Modeling-with-Differential-Equations---Individual-Project}},
  note         = {Accessed: March 2025}
}

@article{courant1967partial,
  title={On the partial difference equations of mathematical physics},
  author={Courant, Richard and Friedrichs, Kurt and Lewy, Hans},
  journal={IBM journal of Research and Development},
  volume={11},
  number={2},
  pages={215--234},
  year={1967},
  publisher={IBM}
}