@incollection{SPEIGHT2011355,
title = {Chapter 10 - Combustion of Hydrocarbons},
editor = {James G. Speight},
booktitle = {Handbook of Industrial Hydrocarbon Processes},
publisher = {Gulf Professional Publishing},
address = {Boston},
pages = {355-393},
year = {2011},
isbn = {978-0-7506-8632-7},
doi = {https://doi.org/10.1016/B978-0-7506-8632-7.10010-6},
url = {https://www.sciencedirect.com/science/article/pii/B9780750686327100106},
author = {James G. Speight}
}

@misc{TransportInformationService, 
title={Pistachio Nuts}, 
url={https://www.tis-gdv.de/tis_e/ware/nuesse/pistazie/pistazie.htm/#selbsterhitzung}, journal={Pistachio nuts â€“ transport informations service}, 
publisher={Transport Information Service of Germany}, 
author={Transport Information Service}
} 